% Encoding: UTF-8

@article{s2,
	Author = {斯坦福大学TCAD中心},
	Date-Added = {2016-09-12 10:35:34 +0000},
	Date-Modified = {2016-09-12 13:32:00 +0000},
	Journal = {斯坦福大学官网},
	Title = {斯坦福大学 {LaTeX} PhD 学位论文模版},
	Url = {http://www-tcad.stanford.edu/ ~goojs/RESEARCH/thesis.html},
	Bdsk-Url-1 = {http://www.maths.ox.ac.uk/members/it/faqs/latex/thesis-class}}

@article{s1,
	Author = {斯坦福大学图书馆},
	Date-Added = {2016-09-12 10:35:29 +0000},
	Date-Modified = {2016-09-12 13:31:32 +0000},
	Journal = {斯坦福大学官网},
	Title = {{LaTeX} 指南},
	Url = {https://library.stanford.edu/research/bibliography-management/latex-bibtex-and-overleaf},
	Bdsk-Url-1 = {http://courses.it.ox.ac.uk/detail/TIPA}}

@article{m1,
	Author = {麻省理工大学},
	Date-Added = {2016-09-12 10:33:35 +0000},
	Date-Modified = {2016-09-12 13:32:15 +0000},
	Journal = {麻省理工大学官网},
	Title = {麻省理工大学 {LaTeX} 毕业论文模版},
	Url = {http://web.mit.edu/thesis/tex/},
	Bdsk-Url-1 = {http://www.maths.ox.ac.uk/members/it/faqs/latex/thesis-class}}

@article{h2,
	Author = {哈佛大学物理学院},
	Date-Added = {2016-09-12 10:32:31 +0000},
	Date-Modified = {2016-09-12 13:31:49 +0000},
	Journal = {哈佛大学官网},
	Title = {哈佛大学 {LaTeX} 毕业论文模版},
	Url = {https://www.physics.harvard.edu/academics/grad/thesishelp},
	Bdsk-Url-1 = {http://www.maths.ox.ac.uk/members/it/faqs/latex/thesis-class}}

@article{h1,
	Author = {哈佛大学本科生教务主任},
	Date-Added = {2016-09-12 10:30:24 +0000},
	Date-Modified = {2016-09-12 13:32:10 +0000},
	Journal = {哈佛大学官网},
	Title = {荣誉学士学位毕业论文写作指南},
	Url = {http:// www.stat.harvard.edu/Academics/senior_thesis_guidelines.pdf},
	Bdsk-Url-1 = {http://%20www.stat.harvard.edu/Academics/senior_thesis_guidelines.pdf}}

@article{c2,
	Author = {剑桥大学IT中心},
	Date-Added = {2016-09-12 10:27:33 +0000},
	Date-Modified = {2016-09-12 13:31:54 +0000},
	Journal = {剑桥大学官网},
	Title = {剑桥大学 {LaTeX} 毕业论文模版},
	Url = {http://www-h.eng.cam.ac.uk/help/tpl/textprocessing/ThesisStyle/},
	Bdsk-Url-1 = {http://www.maths.ox.ac.uk/members/it/faqs/latex/thesis-class}}

@article{o1,
	Author = {牛津大学IT中心},
	Date-Added = {2016-09-12 10:25:20 +0000},
	Date-Modified = {2016-09-12 13:31:38 +0000},
	Journal = {牛津大学官网},
	Title = {{LaTeX} 指导系列课程},
	Url = {http://courses.it.ox.ac.uk/detail/TIPA},
	Bdsk-Url-1 = {http://courses.it.ox.ac.uk/detail/TIPA}}

@article{o2,
	Author = {牛津大学数学院},
	Date-Added = {2016-09-12 10:22:26 +0000},
	Date-Modified = {2016-09-12 13:32:05 +0000},
	Journal = {牛津大学官网},
	Title = {牛津大学 {LaTeX} 毕业论文模版},
	Url = {http://www.maths.ox.ac.uk/members/it/faqs/latex/thesis-class},
	Bdsk-Url-1 = {http://www.maths.ox.ac.uk/members/it/faqs/latex/thesis-class}}

@article{c1,
	Author = {剑桥大学},
	Date-Added = {2016-09-12 10:16:37 +0000},
	Date-Modified = {2016-09-12 13:31:43 +0000},
	Journal = {剑桥大学官网},
	Title = {{LaTeX} 排版课程},
	Url = {http://www.training.cam.ac.uk/course/ucs-latex},
	Bdsk-Url-1 = {http://www.training.cam.ac.uk/course/ucs-latex}}

@Comment{jabref-meta: databaseType:bibtex;}
