% Encoding: UTF-8

@Book{Knuth:ACPV2,
  title     = {The Art of Computer Programming, Volume 2 (3rd Ed.): Seminumerical Algorithms},
  publisher = {Addison-Wesley Longman Publishing Co., Inc.},
  year      = {1997},
  author    = {Knuth, Donald E.},
  address   = {Boston, MA, USA},
  isbn      = {0-201-89684-2},
}

@Book{Knuth:ACPV3,
  title     = {The Art of Computer Programming, Volume 3: (2nd Ed.) Sorting and Searching},
  publisher = {Addison Wesley Longman Publishing Co., Inc.},
  year      = {1998},
  author    = {Knuth, Donald E.},
  address   = {Redwood City, CA, USA},
  isbn      = {0-201-89685-0},
}

@Book{Knuth:ACPV1,
  title     = {The Art of Computer Programming, Volume 1 (3rd Ed.): Fundamental Algorithms},
  publisher = {Addison Wesley Longman Publishing Co., Inc.},
  year      = {1997},
  author    = {Knuth, Donald E.},
  isbn      = {0-201-89683-4},
  location  = {Redwood City, CA, USA},
}

@Standard{pdfISO,
  title        = {Document management -- Electronic document file format for long-term preservation -- Part 3: Use of {ISO} 32000-1 with support for embedded files ({PDF}/A-3)},
  organization = {International Organization for Standardization},
  institution  = {Document management applications},
  month        = oct,
  year         = {2012},
}

@Comment{jabref-meta: databaseType:bibtex;}
